@online{google_cloud_speech_api,
  author = "Google LLC",
  title = "Language, Speech, Text, & Translation with Google Cloud APIs",
  year = 2023,
  url = "https://www.cloudskillsboost.google/quests/179",
  note = "04.08.2023",
}

