

@online{googlecloudskills2023,
    author  = "Google Cloud",
    title   = "Language, Speech, Text, \& Translation with Google Cloud APIs",
    year    = "2023",
    url     = "https://www.cloudskillsboost.google/quests/179",
    note    = "Zugriffsdatum: 08. August 2023"
}



